<?xml version="1.0" encoding="UTF-8"?><collection xmlns="http://www.loc.gov/MARC21/slim"><record><leader>00533nam--2200169-u-4500</leader><controlfield tag="001">000054719</controlfield><controlfield tag="002">20161230</controlfield><controlfield tag="005">20161230201051</controlfield><controlfield tag="008">120524s1000------------r-----000-0-eng-d</controlfield><datafield ind1=" " ind2=" " tag="040"><subfield code="a">IFIN-HH</subfield></datafield><datafield ind1=" " ind2=" " tag="080"><subfield code="a">539.163(043):539.1.074(043):621.374.33(043)</subfield></datafield><datafield ind1="1" ind2=" " tag="100"><subfield code="a">Unterweger, Jr., Michael P</subfield></datafield><datafield ind1="1" ind2="0" tag="245"><subfield code="a">Beta-gamma directional correlation in 199au</subfield><subfield code="b">Dissertation</subfield><subfield code="c">Michael p. unterweger, jr</subfield></datafield><datafield ind1=" " ind2=" " tag="260"><subfield code="a">Ann Arbor, Michigan</subfield><subfield code="b">University Microfilms</subfield><subfield code="c">1972</subfield></datafield><datafield ind1=" " ind2=" " tag="300"><subfield code="a">11P</subfield></datafield><datafield ind1=" " ind2=" " tag="852"><subfield code="a">41271</subfield><subfield code="c">539.163.2</subfield></datafield><datafield ind1=" " ind2=" " tag="CAT"><subfield code="a">Sys</subfield><subfield code="c">20120524</subfield><subfield code="h">160113</subfield></datafield></record></collection>